<?xml version="1.0" encoding="UTF-8"?><collection xmlns="http://www.loc.gov/MARC21/slim"><record><leader>00314nam--2200133-i-4500</leader><controlfield tag="001">000015134</controlfield><controlfield tag="002">20161230</controlfield><controlfield tag="005">20161230201031</controlfield><controlfield tag="008">060222s1000------------r-----000-0-eng-d</controlfield><datafield ind1=" " ind2=" " tag="100"><subfield code="a">Croft, A.J</subfield></datafield><datafield ind1=" " ind2=" " tag="245"><subfield code="a">Cryogenic laboratory equipment</subfield></datafield><datafield ind1=" " ind2=" " tag="260"><subfield code="a">New York, Plenum Press, 1970</subfield></datafield><datafield ind1=" " ind2=" " tag="490"><subfield code="a">X+182p</subfield></datafield><datafield ind1=" " ind2=" " tag="852"><subfield code="a">621.59</subfield></datafield></record></collection>